

@article{Codeacademy:Framework,
 title={What is a framework?},
 url={https://www.codecademy.com/resources/blog/what-is-a-framework/},
 journal={Codecademy Team},
 author={Codecademy Team},
 year={2021},
 month={Sep}}


@article{NoSQL,
issn = {0167-739X},
journal = {Future generation computer systems},
pages = {13--21},
volume = {52},
publisher = {Elsevier B.V},
year = {2015},
title = {BASE analysis of NoSQL database},
copyright = {2015 Elsevier B.V.},
language = {eng},
author = {Ganesh Chandra, Deka},
}

@article{API,
journal = {Encyclopædia Britannica Inc},
booktitle = {Encyclopædia Britannica Online},
year = {2020},
title = {API},
copyright = {Copyright © 1994-2020 Encyclopædia Britannica, Inc.},
language = {eng},
keywords = {databases ; open-source},
}


@article{Serverless,
issn = {0740-7459},
journal = {IEEE software},
pages = {32--39},
volume = {38},
publisher = {IEEE},
number = {1},
year = {2021},
title = {Serverless Applications: Why, When, and How?},
copyright = {info:eu-repo/semantics/restrictedAccess},
language = {eng},
author = {Eismann, Simon and Scheuner, Joel and van Eyk, Erwin and Schwinger, Maximilian and Grohmann, Johannes and Herbst, Nikolas and Abad, Cristina L and Iosup, Alexandru},
organization = {IT-fakulteten},
}

@article{htmlcssjavascript,
year = {2021},
title = {HTML, CSS e Javascript, quais as diferenças?},
author = {Rafaella Ballerini},
url = {https://www.alura.com.br/artigos/html-css-e-js-definicoes},
journal = {Alura},
}

@report{MinisterioSaude,
  author = "Ministério da Saúde",
  title = {Portaria Nº 454, de 20 de março de 2020. Declara, em todo o território nacional, o estado de transmissão comunitária do coronavírus (covid-19).},
  year = 2020,
  institution = "Ministério da Saúde",
  url = {http://www.in.gov.br/en/web/dou/-/portaria-n-454-de-20-de-marco-de-2020-249091587},
  urldate = {2021-11-19}
}

@article{FaroAndre2020Cesm,
journal = {Estudos de Psicologia (Campinas)},
year = {2020},
title = {COVID-19 e saúde mental: a emergência do cuidado},
author = {Faro, André and Bahiano, Milena de Andrade and Nakano, Tatiana de Cassia and Reis, Catiele and Silva, Brenda Fernanda Pereira da and Vitti, Laís Santos},
}

@book{SI,
year = {2014},
title = {31 Tipos de sistemas de informação - 31 maneiras de a tecnologia da informação ajudar as organizações},
author = {Stanley Loh},
publisher = {Porto Alegre},
}

@article{processoseletivo,
year = {2021},
title = {Seletivo},
author = {DICIO},
url = {https://www.dicio.com.br/seletivo/},
journal = {Dicionário Online de Português},
}

[Coloque aqui palavra em maiúsculas]. In: DICIO, Dicionário Online de Português. Porto: 7Graus, 2021. Disponível em: [Coloque aqui o url da palavra]. Acesso em: 29/11/2021.